<?xml version="1.0" encoding="UTF-8"?><record xmlns="http://www.loc.gov/MARC21/slim" xmlns:cinclude="http://apache.org/cocoon/include/1.0" xmlns:zs="http://www.loc.gov/zing/srw/">
  <leader>00494nz  a2200145n  4500</leader>
  <controlfield tag="001">no2004078334</controlfield>
  <controlfield tag="003">DLC</controlfield>
  <controlfield tag="005">20040817052808.0</controlfield>
  <controlfield tag="008">040816n| acannaabn          |n and     c</controlfield>
  <datafield tag="010" ind1=" " ind2=" ">
    <subfield code="a">no2004078334</subfield>
  </datafield>
  <datafield tag="035" ind1=" " ind2=" ">
    <subfield code="a">(OCoLC)oca06419337</subfield>
  </datafield>
  <datafield tag="040" ind1=" " ind2=" ">
    <subfield code="a">Wa</subfield>
    <subfield code="b">eng</subfield>
    <subfield code="c">Wa</subfield>
  </datafield>
  <datafield tag="110" ind1="2" ind2=" ">
    <subfield code="a">Soap Lake Chamber of Commerce</subfield>
  </datafield>
  <datafield tag="670" ind1=" " ind2=" ">
    <subfield code="a">The story of Soap Lake, [1973?]:</subfield>
    <subfield code="b">t.p. (published by Soap Lake Chamber of Commerce)</subfield>
  </datafield>
  <datafield tag="670" ind1=" " ind2=" ">
    <subfield code="a">The Chamber's Internet website</subfield>
    <subfield code="b">homepage (Soap Lake Chamber of Commerce, Soap Lake, Wash.)</subfield>
  </datafield>
</record>